@Book{Allen2007,
  author =	 {Allen, L.J.S.},
  title = 	 {An Introduction to Mathematical Biology},
  publisher = 	 {Pearson},
  year = 	 2007
}

